<?xml version="1.0" encoding="UTF-8"?>
<?xml-stylesheet href="0_files/oai2.xsl" type="text/xsl"?>
<OAI-PMH xmlns="http://www.openarchives.org/OAI/2.0/" xmlns:xsi="http://www.w3.org/2001/XMLSchema-instance" xsi:schemaLocation="http://www.openarchives.org/OAI/2.0/ http://www.openarchives.org/OAI/2.0/OAI-PMH.xsd">
	<responseDate>2015-08-18T05:12:08Z</responseDate>
	<request verb="ListRecords" set="DOI" metadataPrefix="marcxml">http://cds.cern.ch/oai2d</request>
	<ListRecords>
		<record>
			<header>
				<identifier>oai:cds.cern.ch:185439</identifier>
				<datestamp>2014-10-08T20:04:16Z</datestamp>
				<setSpec>cerncds:FULLTEXT</setSpec>
				<setSpec>DOI</setSpec>
			</header>
			<metadata>
				<marc:record xmlns:marc="http://www.loc.gov/MARC21/slim" xmlns:xsi="http://www.w3.org/2001/XMLSchema-instance" xsi:schemaLocation="http://www.loc.gov/MARC21/slim http://www.loc.gov/standards/marcxml/schema/MARC21slim.xsd" type="Bibliographic">
     					<marc:leader>00000coc  2200000uu 4500</marc:leader>
  					<marc:controlfield tag="001">185439</marc:controlfield>
  					<marc:controlfield tag="003">SzGeCERN</marc:controlfield>
  					<marc:controlfield tag="005">20141008220416.0</marc:controlfield>
  					<marc:datafield tag="024" ind1="7" ind2=" ">
    						<marc:subfield code="2">DOI</marc:subfield>
    						<marc:subfield code="a">10.5170/CERN-1987-001.255</marc:subfield>
  					</marc:datafield>
  					<marc:datafield tag="024" ind1="8" ind2=" ">
    						<marc:subfield code="a">oai:cds.cern.ch:185439</marc:subfield>
    						<marc:subfield code="p">cerncds:FULLTEXT</marc:subfield>
    						<marc:subfield code="p">DOI</marc:subfield>
  					</marc:datafield>
  					<marc:datafield tag="035" ind1=" " ind2=" ">
    						<marc:subfield code="a">0096871CERCER</marc:subfield>
  					</marc:datafield>
  					<marc:datafield tag="041" ind1=" " ind2=" ">
    						<marc:subfield code="a">eng</marc:subfield>
  					</marc:datafield>
  					<marc:datafield tag="100" ind1=" " ind2=" ">
    						<marc:subfield code="a">Lasseur, C</marc:subfield>
  					</marc:datafield>
  					<marc:datafield tag="245" ind1=" " ind2=" ">
    						<marc:subfield code="a">Metrology for experiments</marc:subfield>
  					</marc:datafield>
  					<marc:datafield tag="260" ind1=" " ind2=" ">
    						<marc:subfield code="c">1987</marc:subfield>
  					</marc:datafield>
  					<marc:datafield tag="260" ind1=" " ind2=" ">
    						<marc:subfield code="b">CERN</marc:subfield>
  					</marc:datafield>
  					<marc:datafield tag="595" ind1=" " ind2=" ">
    						<marc:subfield code="z">UNCL</marc:subfield>
  					</marc:datafield>
  					<marc:datafield tag="650" ind1="1" ind2="7">
    						<marc:subfield code="2">SzGeCERN</marc:subfield>
    						<marc:subfield code="a">Accelerators and Storage Rings</marc:subfield>
  					</marc:datafield>
  					<marc:datafield tag="653" ind1="1" ind2=" ">
    						<marc:subfield code="9">CERN</marc:subfield>
    						<marc:subfield code="a">accuracy</marc:subfield>
  					</marc:datafield>
  					<marc:datafield tag="653" ind1="1" ind2=" ">
    						<marc:subfield code="9">CERN</marc:subfield>
    						<marc:subfield code="a">colliders</marc:subfield>
  					</marc:datafield>
  					<marc:datafield tag="653" ind1="1" ind2=" ">
    						<marc:subfield code="9">CERN</marc:subfield>
    						<marc:subfield code="a">instruments</marc:subfield>
  					</marc:datafield>
  					<marc:datafield tag="653" ind1="1" ind2=" ">
    						<marc:subfield code="9">CERN</marc:subfield>
    						<marc:subfield code="a">positioning</marc:subfield>
  					</marc:datafield>
  					<marc:datafield tag="690" ind1="C" ind2=" ">
    						<marc:subfield code="a">ARTICLE</marc:subfield>
  					</marc:datafield>
  					<marc:datafield tag="690" ind1="C" ind2=" ">
    						<marc:subfield code="a">CERN</marc:subfield>
  					</marc:datafield>
  					<marc:datafield tag="690" ind1="C" ind2=" ">
    						<marc:subfield code="a">YELLOWREPCONTRIB</marc:subfield>
  					</marc:datafield>
  					<marc:datafield tag="710" ind1=" " ind2=" ">
    						<marc:subfield code="5">LEP</marc:subfield>
  					</marc:datafield>
  					<marc:datafield tag="856" ind1="4" ind2=" ">
    						<marc:subfield code="u">http://cds.cern.ch/record/185439/files/255.pdf</marc:subfield>
    						<marc:subfield code="y">Published version from CERN</marc:subfield>
  					</marc:datafield>
  					<marc:datafield tag="916" ind1=" " ind2=" ">
    						<marc:subfield code="s">n</marc:subfield>
						<marc:subfield code="w">198809</marc:subfield>
    						<marc:subfield code="y">a1987</marc:subfield>
  					</marc:datafield>
  					<marc:datafield tag="960" ind1=" " ind2=" ">
    						<marc:subfield code="a">13</marc:subfield>
  					</marc:datafield>
  					<marc:datafield tag="961" ind1=" " ind2=" ">
    						<marc:subfield code="c">20070317</marc:subfield>
    						<marc:subfield code="h">0019</marc:subfield>
    						<marc:subfield code="l">CER01</marc:subfield>
    						<marc:subfield code="x">19900129</marc:subfield>
  					</marc:datafield>
  					<marc:datafield tag="962" ind1=" " ind2=" ">
    						<marc:subfield code="b">000087223</marc:subfield>
						<marc:subfield code="k">255-279</marc:subfield>
    						<marc:subfield code="n">cern860414</marc:subfield>
  					</marc:datafield>
  					<marc:datafield tag="963" ind1=" " ind2=" ">
    						<marc:subfield code="a">PUBLIC</marc:subfield>
  					</marc:datafield>
  					<marc:datafield tag="970" ind1=" " ind2=" ">
    						<marc:subfield code="a">000096871CER</marc:subfield>
  					</marc:datafield>
  					<marc:datafield tag="980" ind1=" " ind2=" ">
    						<marc:subfield code="a">ConferencePaper</marc:subfield>
  					</marc:datafield>
  					<marc:datafield tag="980" ind1=" " ind2=" ">
    						<marc:subfield code="a">ARTICLE</marc:subfield>
  					</marc:datafield>
				</marc:record>
			</metadata>
		</record>