<record><header><identifier>oai:cds.cern.ch:185954</identifier><datestamp>2014-12-15T22:33:23Z</datestamp><setSpec>DOI</setSpec><setSpec>cerncds:REPORT</setSpec><setSpec>cerncds:FULLTEXT</setSpec></header><metadata><marc:record xmlns:marc="http://www.loc.gov/MARC21/slim" xmlns:xsi="http://www.w3.org/2001/XMLSchema-instance" xsi:schemaLocation="http://www.loc.gov/MARC21/slim http://www.loc.gov/standards/marcxml/schema/MARC21slim.xsd" type="Bibliographic">
     <marc:leader>00000coc  2200000uu 4500</marc:leader>
  <marc:controlfield tag="001">185954</marc:controlfield>
  <marc:controlfield tag="003">SzGeCERN</marc:controlfield>
  <marc:controlfield tag="005">20150210212737.0</marc:controlfield>
  <marc:datafield tag="024" ind1="7" ind2=" ">
    <marc:subfield code="2">DOI</marc:subfield>
    <marc:subfield code="a">10.5170/CERN-1976-012</marc:subfield>
  </marc:datafield>
  <marc:datafield tag="024" ind1="8" ind2=" ">
    <marc:subfield code="a">oai:cds.cern.ch:185954</marc:subfield>
    <marc:subfield code="p">cerncds:FULLTEXT</marc:subfield>
    <marc:subfield code="p">cerncds:REPORT</marc:subfield>
    <marc:subfield code="p">DOI</marc:subfield>
  </marc:datafield>
  <marc:datafield tag="035" ind1=" " ind2=" ">
    <marc:subfield code="9">KEK</marc:subfield>
    <marc:subfield code="a">197609062</marc:subfield>
  </marc:datafield>
  <marc:datafield tag="035" ind1=" " ind2=" ">
    <marc:subfield code="9">SLAC</marc:subfield>
    <marc:subfield code="a">142620</marc:subfield>
  </marc:datafield>
  <marc:datafield tag="035" ind1=" " ind2=" ">
    <marc:subfield code="a">0097389CERCER</marc:subfield>
  </marc:datafield>
  <marc:datafield tag="035" ind1=" " ind2=" ">
    <marc:subfield code="9">SPIRES</marc:subfield>
    <marc:subfield code="a">142620</marc:subfield>
  </marc:datafield>
  <marc:datafield tag="035" ind1=" " ind2=" ">
    <marc:subfield code="9">Inspire</marc:subfield>
    <marc:subfield code="a">109568</marc:subfield>
  </marc:datafield>
  <marc:datafield tag="041" ind1=" " ind2=" ">
    <marc:subfield code="a">eng</marc:subfield>
  </marc:datafield>
  <marc:datafield tag="084" ind1=" " ind2=" ">
    <marc:subfield code="2">CERN Yellow Report</marc:subfield>
    <marc:subfield code="a">CERN-1976-012</marc:subfield>
  </marc:datafield>
  <marc:datafield tag="088" ind1=" " ind2=" ">
    <marc:subfield code="a">CERN-76-12</marc:subfield>
  </marc:datafield>
  <marc:datafield tag="110" ind1=" " ind2=" ">
    <marc:subfield code="a">CERN. Geneva</marc:subfield>
  </marc:datafield>
  <marc:datafield tag="245" ind1=" " ind2=" ">
    <marc:subfield code="a">The physics interests of a 10 TeV proton synchrotron, 400 x 400 GeV$^2$ storage rings, and electron-proton storage rings</marc:subfield>
  </marc:datafield>
  <marc:datafield tag="260" ind1=" " ind2=" ">
    <marc:subfield code="a">Geneva</marc:subfield>
    <marc:subfield code="b">CERN</marc:subfield>
    <marc:subfield code="c">1976</marc:subfield>
  </marc:datafield>
  <marc:datafield tag="300" ind1=" " ind2=" ">
    <marc:subfield code="a">231 p</marc:subfield>
  </marc:datafield>
  <marc:datafield tag="340" ind1=" " ind2=" ">
    <marc:subfield code="a">paper</marc:subfield>
  </marc:datafield>
  <marc:datafield tag="540" ind1=" " ind2=" ">
    <marc:subfield code="a">Open Access</marc:subfield>
    <marc:subfield code="a">CC-BY-3.0</marc:subfield>
    <marc:subfield code="u">http://creativecommons.org/licenses/by/3.0/</marc:subfield>
  </marc:datafield>
  <marc:datafield tag="650" ind1="1" ind2="7">
    <marc:subfield code="2">SzGeCERN</marc:subfield>
    <marc:subfield code="a">Particle Physics</marc:subfield>
  </marc:datafield>
  <marc:datafield tag="690" ind1="C" ind2=" ">
    <marc:subfield code="a">CERN</marc:subfield>
  </marc:datafield>
  <marc:datafield tag="690" ind1="C" ind2=" ">
    <marc:subfield code="a">REPORT</marc:subfield>
  </marc:datafield>
  <marc:datafield tag="690" ind1="C" ind2=" ">
    <marc:subfield code="a">YELLOW REPORT</marc:subfield>
  </marc:datafield>
  <marc:datafield tag="700" ind1=" " ind2=" ">
    <marc:subfield code="a">Camilleri, Leslie Loris</marc:subfield>
    <marc:subfield code="e">ed.</marc:subfield>
  </marc:datafield>
  <marc:datafield tag="710" ind1=" " ind2=" ">
    <marc:subfield code="5">DG</marc:subfield>
  </marc:datafield>
  <marc:datafield tag="852" ind1=" " ind2=" ">
    <marc:subfield code="c">CERN Depot 2, bldg. 2 (DE2)</marc:subfield>
    <marc:subfield code="h">CERN 76-12</marc:subfield>
  </marc:datafield>
  <marc:datafield tag="852" ind1=" " ind2=" ">
    <marc:subfield code="c">CERN Central Library</marc:subfield>
    <marc:subfield code="h">Off.Coll.</marc:subfield>
  </marc:datafield>
  <marc:datafield tag="856" ind1="4" ind2=" ">
    <marc:subfield code="u">http://documents.cern.ch/cgi-bin/setlink?base=cernrep&amp;categ=Yellow_Report&amp;id=1976-012</marc:subfield>
    <marc:subfield code="y">Fulltext</marc:subfield>
  </marc:datafield>
  <marc:datafield tag="856" ind1="4" ind2=" ">
    <marc:subfield code="u">http://cds.cern.ch/search?ln=en&amp;sc=1&amp;p=962%3A185954&amp;f=&amp;action_search=Search&amp;c=Articles+%26+Preprints&amp;c=Books+%26+Proceedings</marc:subfield>
    <marc:subfield code="y">Chapters in this volume</marc:subfield>
  </marc:datafield>
  <marc:datafield tag="856" ind1="4" ind2=" ">
    <marc:subfield code="u">http://cds.cern.ch/record/185954/files/CERN-76-12.pdf</marc:subfield>
    <marc:subfield code="y">Fulltext</marc:subfield>
  </marc:datafield>
  <marc:datafield tag="916" ind1=" " ind2=" ">
    <marc:subfield code="s">m</marc:subfield>
    <marc:subfield code="w">198812</marc:subfield>
    <marc:subfield code="y">a1976</marc:subfield>
  </marc:datafield>
  <marc:datafield tag="960" ind1=" " ind2=" ">
    <marc:subfield code="a">21</marc:subfield>
  </marc:datafield>
  <marc:datafield tag="961" ind1=" " ind2=" ">
    <marc:subfield code="c">20100803</marc:subfield>
    <marc:subfield code="h">1411</marc:subfield>
    <marc:subfield code="l">CER01</marc:subfield>
    <marc:subfield code="x">19900129</marc:subfield>
  </marc:datafield>
  <marc:datafield tag="963" ind1=" " ind2=" ">
    <marc:subfield code="a">PUBLIC</marc:subfield>
  </marc:datafield>
  <marc:datafield tag="964" ind1=" " ind2=" ">
    <marc:subfield code="a">0002</marc:subfield>
  </marc:datafield>
  <marc:datafield tag="970" ind1=" " ind2=" ">
    <marc:subfield code="a">000097389CER</marc:subfield>
  </marc:datafield>
  <marc:datafield tag="980" ind1=" " ind2=" ">
    <marc:subfield code="a">BOOK</marc:subfield>
  </marc:datafield>
  <marc:datafield tag="980" ind1=" " ind2=" ">
    <marc:subfield code="b">REPORT</marc:subfield>
  </marc:datafield>
</marc:record>
</metadata></record>