<record><header><identifier>oai:cds.cern.ch:186013</identifier><datestamp>2014-12-15T22:32:51Z</datestamp><setSpec>cerncds:TALK:FULLTEXT</setSpec><setSpec>cerncds:TALK</setSpec><setSpec>DOI</setSpec><setSpec>cerncds:FULLTEXT</setSpec></header><metadata><marc:record xmlns:marc="http://www.loc.gov/MARC21/slim" xmlns:xsi="http://www.w3.org/2001/XMLSchema-instance" xsi:schemaLocation="http://www.loc.gov/MARC21/slim http://www.loc.gov/standards/marcxml/schema/MARC21slim.xsd" type="Bibliographic">
     <marc:leader>00000coc  2200000uu 4500</marc:leader>
  <marc:controlfield tag="001">186013</marc:controlfield>
  <marc:controlfield tag="003">SzGeCERN</marc:controlfield>
  <marc:controlfield tag="005">20150210212734.0</marc:controlfield>
  <marc:datafield tag="024" ind1="7" ind2=" ">
    <marc:subfield code="2">DOI</marc:subfield>
    <marc:subfield code="a">10.5170/CERN-1975-008</marc:subfield>
  </marc:datafield>
  <marc:datafield tag="024" ind1="8" ind2=" ">
    <marc:subfield code="a">oai:cds.cern.ch:186013</marc:subfield>
    <marc:subfield code="p">cerncds:FULLTEXT</marc:subfield>
    <marc:subfield code="p">DOI</marc:subfield>
    <marc:subfield code="p">cerncds:TALK</marc:subfield>
    <marc:subfield code="p">cerncds:TALK:FULLTEXT</marc:subfield>
  </marc:datafield>
  <marc:datafield tag="035" ind1=" " ind2=" ">
    <marc:subfield code="a">0097448CERCER</marc:subfield>
  </marc:datafield>
  <marc:datafield tag="035" ind1=" " ind2=" ">
    <marc:subfield code="9">SLAC</marc:subfield>
    <marc:subfield code="a">180513</marc:subfield>
  </marc:datafield>
  <marc:datafield tag="035" ind1=" " ind2=" ">
    <marc:subfield code="9">KEK</marc:subfield>
    <marc:subfield code="a">197509130</marc:subfield>
  </marc:datafield>
  <marc:datafield tag="035" ind1=" " ind2=" ">
    <marc:subfield code="9">Inspire</marc:subfield>
    <marc:subfield code="a">101607</marc:subfield>
  </marc:datafield>
  <marc:datafield tag="041" ind1=" " ind2=" ">
    <marc:subfield code="a">eng</marc:subfield>
  </marc:datafield>
  <marc:datafield tag="084" ind1=" " ind2=" ">
    <marc:subfield code="2">CERN Yellow Report</marc:subfield>
    <marc:subfield code="a">CERN-1975-008</marc:subfield>
  </marc:datafield>
  <marc:datafield tag="088" ind1=" " ind2=" ">
    <marc:subfield code="a">CERN-75-08</marc:subfield>
  </marc:datafield>
  <marc:datafield tag="100" ind1=" " ind2=" ">
    <marc:subfield code="a">Thirring, Walter Eduard</marc:subfield>
    <marc:subfield code="u">CERN</marc:subfield>
  </marc:datafield>
  <marc:datafield tag="245" ind1=" " ind2=" ">
    <marc:subfield code="a">Problems of classical dynamical systems</marc:subfield>
  </marc:datafield>
  <marc:datafield tag="260" ind1=" " ind2=" ">
    <marc:subfield code="a">Geneva</marc:subfield>
    <marc:subfield code="b">CERN</marc:subfield>
    <marc:subfield code="c">1974</marc:subfield>
  </marc:datafield>
  <marc:datafield tag="300" ind1=" " ind2=" ">
    <marc:subfield code="a">28 p</marc:subfield>
  </marc:datafield>
  <marc:datafield tag="340" ind1=" " ind2=" ">
    <marc:subfield code="a">paper</marc:subfield>
  </marc:datafield>
  <marc:datafield tag="490" ind1=" " ind2=" ">
    <marc:subfield code="a">CERN Academic Training Lecture</marc:subfield>
    <marc:subfield code="v">69</marc:subfield>
  </marc:datafield>
  <marc:datafield tag="500" ind1=" " ind2=" ">
    <marc:subfield code="a">CERN, Geneva, 1974 - 1975</marc:subfield>
  </marc:datafield>
  <marc:datafield tag="540" ind1=" " ind2=" ">
    <marc:subfield code="a">Open Access</marc:subfield>
    <marc:subfield code="u">http://creativecommons.org/licenses/by/3.0/</marc:subfield>
    <marc:subfield code="a">CC-BY-3.0</marc:subfield>
  </marc:datafield>
  <marc:datafield tag="542" ind1=" " ind2=" ">
    <marc:subfield code="d">CERN</marc:subfield>
    <marc:subfield code="g">1974</marc:subfield>
  </marc:datafield>
  <marc:datafield tag="650" ind1="1" ind2="7">
    <marc:subfield code="2">SzGeCERN</marc:subfield>
    <marc:subfield code="a">General Theoretical Physics</marc:subfield>
  </marc:datafield>
  <marc:datafield tag="690" ind1="C" ind2=" ">
    <marc:subfield code="a">ACAD</marc:subfield>
  </marc:datafield>
  <marc:datafield tag="690" ind1="C" ind2=" ">
    <marc:subfield code="a">CERN</marc:subfield>
  </marc:datafield>
  <marc:datafield tag="690" ind1="C" ind2=" ">
    <marc:subfield code="a">YELLOW REPORT</marc:subfield>
  </marc:datafield>
  <marc:datafield tag="710" ind1=" " ind2=" ">
    <marc:subfield code="5">EP</marc:subfield>
  </marc:datafield>
  <marc:datafield tag="852" ind1=" " ind2=" ">
    <marc:subfield code="c">CERN Depot 2, bldg. 2 (DE2)</marc:subfield>
    <marc:subfield code="h">CERN 75-08</marc:subfield>
  </marc:datafield>
  <marc:datafield tag="852" ind1=" " ind2=" ">
    <marc:subfield code="c">CERN Central Library</marc:subfield>
    <marc:subfield code="h">Off.Coll.</marc:subfield>
  </marc:datafield>
  <marc:datafield tag="856" ind1="4" ind2=" ">
    <marc:subfield code="u">http://documents.cern.ch/cgi-bin/setlink?base=cernrep&amp;categ=Yellow_Report&amp;id=1975-008</marc:subfield>
    <marc:subfield code="y">Fulltext</marc:subfield>
  </marc:datafield>
  <marc:datafield tag="856" ind1="4" ind2=" ">
    <marc:subfield code="u">http://cds.cern.ch/record/186013/files/CERN-75-08.pdf</marc:subfield>
    <marc:subfield code="y">Fulltext</marc:subfield>
  </marc:datafield>
  <marc:datafield tag="916" ind1=" " ind2=" ">
    <marc:subfield code="s">h</marc:subfield>
    <marc:subfield code="w">200203</marc:subfield>
    <marc:subfield code="y">y1974</marc:subfield>
  </marc:datafield>
  <marc:datafield tag="961" ind1=" " ind2=" ">
    <marc:subfield code="c">20090717</marc:subfield>
    <marc:subfield code="h">1313</marc:subfield>
    <marc:subfield code="l">CER01</marc:subfield>
    <marc:subfield code="x">19900129</marc:subfield>
  </marc:datafield>
  <marc:datafield tag="962" ind1=" " ind2=" ">
    <marc:subfield code="b">002290505</marc:subfield>
    <marc:subfield code="n">cern740901</marc:subfield>
  </marc:datafield>
  <marc:datafield tag="963" ind1=" " ind2=" ">
    <marc:subfield code="a">PUBLIC</marc:subfield>
  </marc:datafield>
  <marc:datafield tag="964" ind1=" " ind2=" ">
    <marc:subfield code="a">0002</marc:subfield>
  </marc:datafield>
  <marc:datafield tag="970" ind1=" " ind2=" ">
    <marc:subfield code="a">000097448CER</marc:subfield>
  </marc:datafield>
  <marc:datafield tag="980" ind1=" " ind2=" ">
    <marc:subfield code="a">ACAD</marc:subfield>
  </marc:datafield>
</marc:record>
</metadata></record>